% This file was created with Citavi 6.1.0.0

@book{Buyya.2011,
 author = {Buyya, Rajkumar and Broberg, James and Go{\'s}ci{\'n}ski, Andrzej},
 year = {2011},
 title = {Cloud computing: Principles and paradigms},
 address = {Hoboken, N.J.},
 publisher = {Wiley},
 isbn = {978-0-470-88799-8},
 file = {http://www.worldcat.org/oclc/1034960572}
}


@book{Oggl.2018,
 author = {{\"O}ggl, Bernd and Kofler, Michael},
 year = {2018},
 title = {Docker: Das Praxisbuch f{\"u}r Entwickler und DevOps-Teams},
 price = {Festeinband : EUR 39.90 (DE), EUR 41.10 (AT), CHF 49.90 (freier Preis)},
 address = {Bonn},
 edition = {1. Auflage},
 publisher = {{Rheinwerk Verlag}},
 isbn = {9783836261760},
 series = {Rheinwerk Computing},
 institution = {{Galileo Press}},
 file = {http://vub.de/cover/data/isbn:9783836261760/medium/true/de/vub/cover.jpg},
 file = {http://deposit.dnb.de/cgi-bin/dokserv?id=a7a2e611a06f4b9183bf004662d3d8aa&prov=M&dok_var=1&dok_ext=htm}
}


@book{Metzger.2011,
 author = {Metzger, Christian and Reitz, Thomas and Villar, Huen},
 year = {2011},
 title = {Cloud Computing: Chancen und Risiken aus technischer und unternehmerischer Sicht},
 address = {M{\"u}nchen},
 publisher = {{CARL HANSER Verlag GMBH {\&}}},
 isbn = {9783446424548},
 file = {http://www.worldcat.org/oclc/1022081161},
 file = {http://dx.doi.org/10.3139/9783446426580}
}


@misc{Mell.2011,
 author = {Mell, Peter and Grance, Tim},
 year = {2011},
 title = {The NIST Definition of Cloud Computing: Recommendations of the National Institute of Standards and Technology},
 url = {https://nvlpubs.nist.gov/nistpubs/Legacy/SP/nistspecialpublication800-145.pdf},
 urldate = {2020-02-12}
}


@book{MeirHuber.2011,
 author = {Meir-Huber, Mario},
 year = {2011},
 title = {Cloud Computing: Praxisratgeber und Einstiegsstrategien},
 address = {Frankfurt},
 edition = {2., aktualis. u. erw. Auflage},
 publisher = {{Entwickler Press}},
 isbn = {978-3-86802-076-2},
 file = {http://www.worldcat.org/oclc/760115891}
}


@book{McKendrick.2018,
 author = {McKendrick, Russ},
 year = {2018},
 title = {Kubernetes for serverless applications: Implement FaaS by effectively deploying, managing, monitoring, and orchestrating serverless applications using Kubernetes},
 address = {Birmingham, UK},
 publisher = {{Packt Publishing}},
 isbn = {978-1-78862-612-5},
 file = {http://www.worldcat.org/oclc/1078359093},
 file = {http://proquest.tech.safaribooksonline.de/9781788620376}
}


@book{Luksa.2018,
 abstract = {Mit Kubernetes gro{\ss}e Container-Infrastrukturen ausfallsicher verwalten Nach einer Einf{\"u}hrung in die typischen Problemstellungen, mit denen Softwareentwickler und Administratoren konfrontiert sind, und wie diese mit Kubernetes gel{\"o}st werden k{\"o}nnen, lernen Sie in einem ersten Beispielprojekt die praktische Umsetzung. Es wird gezeigt, wie eine einfache in einem Container laufende Web-Applikation {\"u}ber ein Kubernetes-Cluster verwaltet werden kann. Im zweiten Teil des Buches lernen Sie die zu Grunde liegenden Konzepte kennen, deren Verst{\"a}ndnis unbedingt notwendig ist, um gro{\ss}e Container-Cluster mit Kubernetes zu betreiben. Im letzten Teil wird die Funktionsweise von Kubernetes beschrieben und auf weiterf{\"u}hrende Aspekte eingegangen. Hier wird au{\ss}erdem das erworbene Wissen aus den ersten beiden Teilen zusammengef{\"u}hrt, damit Sie den vollen Nutzen aus der Kubernetes-Plattform ziehen k{\"o}nnen.},
 author = {Luk{\v{s}}a, Marko},
 year = {2018},
 title = {Kubernetes in Action: Anwendungen in Kubernets-Clustern bereitstellen und verwalten},
 address = {M{\"u}nchen},
 publisher = {Hanser},
 isbn = {9783446455108},
 series = {Hanser eLibrary},
 file = {http://www.worldcat.org/oclc/1038004501},
 file = {https://doi.org/10.3139/9783446456020}
}


@misc{Oiwa.2017,
 author = {Oiwa, Yutaka et al.},
 editor = {{Internet Engineering Task Force}},
 year = {2017},
 title = {Mutual Authentication Protocol for HTTP},
 url = {https://www.rfc-editor.org/rfc/pdfrfc/rfc8120.txt.pdf},
 urldate = {2020-01-17}
}


@book{Long.2017,
 author = {Long, Josh},
 year = {2017},
 title = {Cloud native Java: Designing resilient systems with Spring Boot, Spring Cloud, and Cloud Foundry},
 url = {http://proquest.tech.safaribooksonline.de/9781449374631},
 address = {Sebastopol, CA},
 edition = {First edition},
 publisher = {{O'Reilly Media}},
 isbn = {978-1-4493-7464-8}
}


@book{Liebel.2019,
 author = {Liebel, Oliver},
 year = {2019},
 title = {Skalierbare Container-Infrastrukturen: Das Handbuch f{\"u}r Administratoren},
 price = {EUR 79.90 (DE), EUR 82.20 (AT), CHF 102.90 (freier Preis)},
 address = {Bonn},
 edition = {2., aktualisierte und erweiterte Auflage},
 publisher = {{Rheinwerk Verlag}},
 isbn = {9783836263856},
 series = {Rheinwerk Computing},
 institution = {{Galileo Press}},
 file = {http://deposit.dnb.de/cgi-bin/dokserv?id=d3636e4510914dd8890a0bebc78593d0&prov=M&dok_var=1&dok_ext=htm},
 file = {http://vub.de/cover/data/isbn:9783836263856/medium/true/de/vub/cover.jpg}
}


@misc{KubernetesCommunity.20150820,
 author = {{Kubernetes Community}},
 year = {2015-08-20},
 title = {Kubernetes Cluster Federation},
 url = {https://github.com/kubernetes/community/blob/master/contributors/design-proposals/multicluster/federation.md},
 urldate = {2020-01-26}
}


@misc{KubernetesAuthors.20200207,
 author = {{Kubernetes Authors}},
 year = {2020-02-07},
 title = {Network Policies: The NetworkPolicy resource},
 url = {https://kubernetes.io/docs/concepts/services-networking/network-policies/},
 urldate = {2020-02-09}
}


@misc{KubernetesAuthors.20200115,
 author = {{Kubernetes Authors}},
 year = {2020-01-15},
 title = {Service},
 url = {https://kubernetes.io/docs/concepts/services-networking/service/},
 urldate = {2020-01-19}
}


@misc{KubernetesAuthors.20200112,
 author = {{Kubernetes Authors}},
 year = {2020-01-12},
 title = {Configure Liveness, Readiness and Startup Probes},
 url = {https://kubernetes.io/docs/tasks/configure-pod-container/configure-liveness-readiness-startup-probes/},
 urldate = {2020-01-25}
}


@misc{KubernetesAuthors.20191210,
 author = {{Kubernetes Authors}},
 year = {2019-12-10},
 title = {DaemonSet},
 url = {https://kubernetes.io/docs/concepts/workloads/controllers/daemonset/},
 urldate = {2020-01-31}
}


@book{Lins.2019,
 author = {Lins, Sebastian and Schneider, Stephan and Sunyaev, Ali},
 year = {2019},
 title = {Cloud-Service-Zertifizierung: Ein Rahmenwerk und Kriterienkatalog zur Zertifizierung von Cloud-Services},
 url = {https://doi.org/10.1007/978-3-662-58857-4},
 address = {Berlin, Heidelberg},
 edition = {2nd ed. 2019},
 publisher = {{Springer Berlin Heidelberg} and {Springer Gabler}},
 isbn = {9783662588574},
 file = {http://www.worldcat.org/oclc/1111857516}
}


@book{Pacheco.2018,
 author = {Pacheco, Vinicius Feitosa},
 year = {2018},
 title = {Microservice patterns and best practices: Explore patterns like CQRS and event sourcing to create scalable, maintainable, and testable microservices},
 address = {Birmingham, UK},
 publisher = {{Packt Publishing}},
 isbn = {978-1-78847-120-6},
 file = {http://www.worldcat.org/oclc/1026400914},
 file = {http://proquest.tech.safaribooksonline.de/9781788474030}
}


@book{Reinheimer.2018,
 year = {2018},
 title = {Cloud Computing: Die Infrastruktur der Digitalisierung},
 address = {Wiesbaden},
 publisher = {{Springer Vieweg}},
 isbn = {978-3-658-20967-4},
 series = {Edition HMD},
 editor = {Reinheimer, Stefan},
 file = {http://www.worldcat.org/oclc/1033604033},
 file = {http://dx.doi.org/10.1007/978-3-658-20967-4}
}


@misc{SAPSEodereinSAPKonzernunternehmen.2019,
 author = {{SAP SE oder ein SAP-Konzernunternehmen}},
 editor = {{SAP SE oder ein SAP-Konzernunternehmen}},
 year = {2019},
 title = {SAP Subscription Billing: Personalisierte Bestellung und Abrechnung f{\"u}r mehr finanziellen Nutzen},
 url = {https://www.sap.com/germany/products/subscription-billing.html},
 urldate = {2019-12-25}
}


@book{Wolff.2016,
 author = {Wolff, Eberhard},
 year = {2016},
 title = {Microservices: Grundlagen flexibler Softwarearchitekturen},
 address = {Heidelberg},
 edition = {1. Auflage},
 publisher = {dpunkt.verlag},
 isbn = {978-3-86490-313-7},
 file = {http://www.worldcat.org/oclc/930868425}
}


@book{Winn.2017,
 author = {Winn, Duncan},
 year = {2017},
 title = {Cloud Foundry: The definitive guide : develop, deploy, and scale},
 url = {http://proquest.tech.safaribooksonline.de/9781491932421},
 address = {Sebastopol, CA},
 edition = {First edition},
 publisher = {{O'Reilly Media}},
 isbn = {9781491932438}
}


@book{Winn.2016,
 abstract = {This O'Reilly report explains the capabilities of cloud-native platforms and examines the fundamental changes enterprises need to make in process, organization, and culture if they're to take real advantage of this approach. Author Duncan Winn focuses on the open source platform Cloud Foundry. You'll learn how cloud-native applications are designed to be {\textquotedbl}infrastructure unaware{\textquotedbl} so they can thrive and move at will in the highly distributed and constantly evolving cloud environment. You'll explore: Technical driving forces that are rapidly changing the way organizations develop and deliver software today How key concepts underpinning the Cloud Foundry platform leverage each of the technical forces discussed How cloud-native platforms remove the requirement to perform undifferentiated heavy lifting, such as provisioning VMs, middleware, and databases Why cloud-native platforms enable fast feedback loops as you move from agile development to agile deployment Recommended changes and practical considerations for organizations that want to build cloud-native applications.},
 author = {Winn, Duncan},
 year = {2016},
 title = {Cloud Foundry},
 url = {http://proquest.tech.safaribooksonline.de/9781491965771},
 urldate = {2019-12-07},
 edition = {1st edition},
 publisher = {{O'Reilly Media, Inc}},
 isbn = {9781491965788},
 file = {http://www.worldcat.org/oclc/1112558353}
}


@book{Weinman.2012,
 author = {Weinman, Joe},
 year = {2012},
 title = {Cloudonomics: The business value of cloud computing},
 address = {Hoboken, N.J.},
 publisher = {{John Wiley {\&} Sons}},
 isbn = {9781118229965},
 file = {http://www.worldcat.org/oclc/829434571},
 file = {http://proquest.tech.safaribooksonline.de/9781118282885}
}


@book{Walls.2016,
 author = {Walls, Craig},
 year = {2016},
 title = {Spring Boot in action},
 url = {http://proquest.tech.safaribooksonline.de/9781617292545},
 address = {Shelter Island, NY},
 publisher = {{Manning Publications}},
 isbn = {978-1-61729-254-5}
}


@article{Wagner.2016,
 abstract = {Today's computer systems must meet and maintain service availability, performance, and security requirements. Each of these demands requires redundancy and some form of isolation. When service requirements are implemented separately, the system architecture cannot easily share common components of redundancy and isolation. We will present these service traits collectively as cyber resilience with a system called Self-Cleansing Intrusion Tolerance (SCIT). Further, we will demonstrate that SCIT provides an effective resilient cloud implementation making cost effective utilization of cloud's excess capacity and economies of scale. Lastly, we will introduce the notion of serverless applications utilizing AWS Lambda and how a stateless architecture can drastically reduce operational costs by utilizing cloud function services.},
 author = {Wagner, Brandon and Sood, Arun},
 year = {2016},
 title = {Economics of Resilient Cloud Services},
 url = {https://arxiv.org/ftp/arxiv/papers/1607/1607.08508.pdf},
 keywords = {AWS Spot;Computing;Cyber Resilience;GCP Preemptive;Processing;SCIT;Security Economics},
 urldate = {2020-02-11},
 pages = {368--374},
 issn = {5090-3713},
 journal = {2016 IEEE International Conference on Software Quality, Reliability and Security Companion (QRS-C), Software Quality, Reliability and Security Companion (QRS-C), 2016 IEEE International Conference on, qrs-c}
}


@misc{SkaffoldAuthors.20200131,
 author = {{Skaffold Authors}},
 year = {2020-01-31},
 title = {Skaffold Pipeline Stages: Tag},
 url = {https://skaffold.dev/docs/pipeline-stages/taggers/},
 urldate = {2020-02-09}
}


@misc{SkaffoldAuthors.20200131b,
 author = {{Skaffold Authors}},
 year = {2020-01-31},
 title = {Skaffold Documentation: Features},
 url = {https://skaffold.dev/docs/},
 urldate = {2020-02-09}
}


@misc{SkaffoldAuthors.20200116,
 author = {{Skaffold Authors}},
 year = {2020-01-16},
 title = {Skaffold Dev},
 url = {https://skaffold.dev/docs/workflows/dev/},
 urldate = {2020-01-20}
}


@misc{SkaffoldAuthors.20200116b,
 author = {{Skaffold Authors}},
 year = {2020-01-16},
 title = {Kube-context Activation},
 url = {https://skaffold.dev/docs/environment/kube-context/},
 urldate = {2020-01-29}
}


@book{Sharma.2020,
 author = {Sharma, Rahul and Singh, Avinash},
 year = {2020},
 title = {Getting Started with Istio Service Mesh: Manage Microservices in Kubernetes},
 url = {https://link.springer.com/book/10.1007%2F978-1-4842-5458-5},
 address = {Berkeley, CA},
 publisher = {Apress},
 isbn = {9781484254585},
 file = {http://www.worldcat.org/oclc/1130903090}
}


@misc{Sato.2014,
 author = {Sato, Danilo},
 year = {2014},
 title = {Canary Release},
 url = {https://martinfowler.com/bliki/CanaryRelease.html},
 urldate = {2020-01-19}
}


@misc{SAPSEodereinSAPKonzernunternehmen.20200205,
 author = {{SAP SE oder ein SAP-Konzernunternehmen}},
 year = {2020-02-05},
 title = {SAP Subscription Billing: Integration},
 url = {https://help.sap.com/viewer/e4aa21cd43494cc1a8a90ea0f3dab8bb/2020-02-05/en-US/d8161986a21d4554b921670ff4698b46.html},
 urldate = {2020-02-07}
}


@misc{SAPSEodereinSAPKonzernunternehmen.2020,
 author = {{SAP SE oder ein SAP-Konzernunternehmen}},
 year = {2020},
 title = {The XSUAA Programming Model},
 url = {https://help.sap.com/viewer/65de2977205c403bbc107264b8eccf4b/Cloud/en-US/ea0281368f11472b8d2b145a2a28666c.html},
 urldate = {2020-02-12}
}


@misc{SAPSEodereinSAPKonzernunternehmen.2019b,
 author = {{SAP SE oder ein SAP-Konzernunternehmen}},
 year = {2019},
 title = {Service-Level-Vereinbarung f{\"u}r SAP Cloud Services: SLA zur Systemverf{\"u}gbarkeit und Gutschriften},
 url = {https://www.sap.com/about/trust-center/agreements/cloud/cloud-services.html?search=Service+Level+Agreement&infl=7d5d7e33-8907-4e6e-b753-f1027b6cb8b1&sort=title_asc&pdf-asset=f2f55e51-6c7d-0010-87a3-c30de2ffd8ff&page=1},
 urldate = {2020-02-02}
}


@misc{KubernetesAuthors.20191210b,
 author = {{Kubernetes Authors}},
 year = {2019-12-10},
 title = {Custom Resources},
 url = {https://kubernetes.io/docs/concepts/extend-kubernetes/api-extension/custom-resources/},
 urldate = {2020-01-26}
}


@book{Wolff.2018,
 author = {Wolff, Eberhard},
 year = {2018},
 title = {Das Microservices-Praxisbuch: Grundlagen, Konzepte und Rezepte},
 url = {https://ebookcentral.proquest.com/lib/gbv/detail.action?docID=5316351},
 address = {Heidelberg},
 publisher = {dpunkt.verlag},
 isbn = {9783864905261},
 file = {https://external.dandelon.com/download/attachments/dandelon/ids/DE001B8A9D3EBC3DA9B5EC1258233003E5C67.pdf}
}


@misc{KubernetesAuthors.20191126,
 author = {{Kubernetes Authors}},
 year = {2019-11-26},
 title = {Cluster Management: Cluster autoscaling},
 url = {https://kubernetes.io/docs/tasks/administer-cluster/cluster-management/#cluster-autoscaling},
 urldate = {2020-02-01}
}


@misc{KubernetesAuthors.20191106,
 author = {{Kubernetes Authors}},
 year = {2019-11-06},
 title = {Controlling Access to the Kubernetes API},
 url = {https://kubernetes.io/docs/reference/access-authn-authz/controlling-access/},
 urldate = {2020-02-01}
}


@misc{GitHubRepositoryGardener.20190401,
 author = {{GitHub Repository Gardener}},
 year = {2019-04-01},
 title = {Kubernetes Autoscaler},
 url = {https://github.com/gardener/autoscaler#kubernetes-autoscaler},
 urldate = {2020-02-12}
}


@misc{GitHubRepositoryCloudFoundry.2020,
 author = {{GitHub Repository Cloud Foundry}},
 year = {2020},
 title = {Cloud Foundry Foundation active projects},
 url = {https://github.com/cloudfoundry},
 urldate = {2020-02-07}
}


@misc{GardenerAuthors.20200121,
 author = {{Gardener Authors}},
 year = {2020-01-21},
 title = {Gardener: K8s Conformance Test Coverage},
 url = {https://gardener.cloud/components/gardner/},
 urldate = {2020-02-07}
}


@misc{GardenerAuthors.20200120,
 author = {{Gardener Authors}},
 year = {2020-01-20},
 title = {Gardener Dashboard},
 url = {https://gardener.cloud/components/dashboard/},
 urldate = {2020-02-07}
}


@book{Farmer.2017,
 author = {Farmer, Rick and Wu, David and Jain, Rahul},
 year = {2017},
 title = {Cloud Foundry for developers: Deploy, manage, and orchestrate cloud-native applications with ease},
 url = {http://proquest.tech.safaribooksonline.de/9781788391443},
 address = {Birmingham, UK},
 publisher = {{Packt Publishing}},
 isbn = {978-1-78839-657-8}
}


@misc{Ernst.2012,
 author = {Ernst, Claus-Peter H. and Rothlauf, Franz},
 editor = {Mattfeld, Dirk Christian and Robra-Bissantz, Susanne},
 year = {2012},
 title = {Potenzielle Erfolgsfaktoren von SaaS-Unternehmen},
 url = {https://pdfs.semanticscholar.org/2e8d/c5e306b0e76c30e6ce957a04eb9922c037b1.pdf},
 address = {Braunschweig},
 urldate = {2020-02-07}
}


@misc{GitHubRepositoryKubernetes.20191127,
 author = {{GitHub Repository Kubernetes}},
 year = {2019-11-27},
 title = {Vertical Pod Autoscaler},
 url = {https://github.com/kubernetes/autoscaler/tree/master/vertical-pod-autoscaler#vertical-pod-autoscaler},
 urldate = {2020-02-12}
}


@misc{DynatraceLLC.2020,
 author = {{Dynatrace LLC}},
 year = {2020},
 title = {Deploy OneAgent on SAP Cloud Platform for application-only monitoring},
 url = {https://www.dynatrace.com/support/help/technology-support/cloud-platforms/cloud-foundry/installation-and-operation/application-only/deploy-oneagent-on-sap-cloud-platform-for-application-only-monitoring/},
 urldate = {2020-02-11}
}


@misc{DynatraceLLC.2019,
 author = {{Dynatrace LLC}},
 year = {2019},
 title = {Kubernetes cluster and workload monitoring: A truly automated approach to monitoring Kubernetes},
 url = {https://www.dynatrace.com/technologies/kubernetes-monitoring/},
 urldate = {2020-02-09}
}


@misc{Dufft.2010,
 author = {Dufft, Nicole and Schleife, Katrin and Bertschek, Irene and Vanberg, Margit and B{\"o}hmann, Tilo and Schmitt, Ann Kristin and Barnreiter, Martin},
 year = {2010},
 title = {Das wirtschaftliche Potenzial des Internet der Dienste: Studie im Auftrag des BMWi},
 url = {http://ftp.zew.de/pub/zew-docs/gutachten/IDD_Endbericht_Nov2010.pdf},
 address = {Berlin},
 urldate = {2020-02-07}
}


@misc{DeutschsprachigeSAPAnwendergruppe.2018,
 author = {{Deutschsprachige SAP Anwendergruppe}},
 year = {2018},
 title = {LoB-Roadmap-Webinar: SAP Subscription Billing},
 url = {https://www.dsag.de/veranstaltungen/2018-09/lob-roadmap-webinar-sap-subscription-billing},
 urldate = {2019-12-25}
}


@misc{CloudFoundryFoundation.20191217,
 author = {{Cloud Foundry Foundation}},
 year = {2019-12-17},
 title = {Cloud Foundry Security},
 url = {https://docs.cloudfoundry.org/concepts/security.html},
 urldate = {2020-02-02}
}


@misc{CloudFoundryFoundation.20190422,
 author = {{Cloud Foundry Foundation}},
 year = {2019-04-22},
 title = {Using Blue-Green Deployment to Reduce Downtime and Risk},
 url = {https://docs.cloudfoundry.org/devguide/deploy-apps/blue-green.html},
 urldate = {2020-02-08}
}


@book{Christudas.2019,
 author = {Christudas, Binildas},
 year = {2019},
 title = {Practical Microservices Architectural Patterns: Event-Based Java Microservices with Spring Boot and Spring Cloud},
 url = {https://doi.org/10.1007/978-1-4842-4501-9},
 edition = {1st ed. 2019},
 isbn = {9781484245019},
 file = {http://media.obvsg.at/AC15407715-1001}
}


@misc{DynatraceLLC.2020b,
 author = {{Dynatrace LLC}},
 year = {2020},
 title = {Cloud Foundry monitoring: A truly automated approach to monitoring Cloud Foundry},
 url = {https://www.dynatrace.com/technologies/cloud-foundry-monitoring/},
 urldate = {2020-02-08}
}


@misc{GitHubRepositoryKubernetesSIG.20190815,
 author = {{GitHub Repository Kubernetes SIG}},
 year = {2019-08-15},
 title = {Kubernetes Cluster Federation},
 url = {https://github.com/kubernetes-sigs/kubefed/blob/master/README.md#kubernetes-cluster-federation},
 urldate = {2020-01-26}
}


@misc{GoogleCloudAuthors.20200113,
 author = {{Google Cloud Authors}},
 year = {2020-01-13},
 title = {Compute Engine Service Level Agreement (SLA)},
 url = {https://cloud.google.com/compute/sla},
 urldate = {2020-02-01}
}


@misc{HelmAuthors.2020,
 author = {{Helm Authors}},
 year = {2020},
 title = {Using Helm: THREE BIG CONCEPTS},
 url = {https://helm.sh/docs/intro/using_helm/#three-big-concepts},
 urldate = {2020-02-09}
}


@misc{KubernetesAuthors.20191023,
 author = {{Kubernetes Authors}},
 year = {2019-10-23},
 title = {Using RBAC Authorization},
 url = {https://kubernetes.io/docs/reference/access-authn-authz/rbac/},
 urldate = {2020-02-01}
}


@misc{KubernetesAuthors.20191021,
 author = {{Kubernetes Authors}},
 year = {2019-10-21},
 title = {Federation: Deprecated},
 url = {https://kubernetes.io/docs/concepts/cluster-administration/federation/},
 urldate = {2020-01-26}
}


@misc{KubernetesAuthors.20191018,
 author = {{Kubernetes Authors}},
 year = {2019-10-18},
 title = {Ingress},
 url = {https://kubernetes.io/docs/concepts/services-networking/ingress/},
 urldate = {2020-02-09}
}


@misc{KubernetesAuthors.20190806,
 author = {{Kubernetes Authors}},
 year = {2019-08-06},
 title = {Pods},
 url = {https://kubernetes.io/docs/concepts/workloads/pods/pod/},
 urldate = {2020-02-10}
}


@misc{KubernetesAuthors.20190612,
 author = {{Kubernetes Authors}},
 year = {2019-06-12},
 title = {Running in multiple zones},
 url = {https://kubernetes.io/docs/setup/best-practices/multiple-zones/},
 urldate = {2020-01-26}
}


@misc{KubernetesAuthors.20190506,
 author = {{Kubernetes Authors}},
 year = {2019-05-06},
 title = {Managing Service Accounts: User accounts vs service accounts},
 url = {https://kubernetes.io/docs/reference/access-authn-authz/service-accounts-admin/#user-accounts-vs-service-accounts},
 urldate = {2020-02-11}
}


@book{Krochmalski.2017,
 author = {Krochmalski, Jaros{\l}aw},
 year = {2017},
 title = {Docker and Kubernetes for Java developers: Scale, deploy, and monitor multi-container applications},
 url = {http://proquest.tech.safaribooksonline.de/9781786468390},
 address = {Birmingham, UK},
 publisher = {{Packt Publishing}},
 isbn = {978-1-78646-390-6}
}


@book{Kavis.2014,
 author = {Kavis, Michael},
 year = {2014},
 title = {Architecting the cloud: Design decisions for cloud computing service models (SaaS, PaaS, and IaaS)},
 url = {http://search.ebscohost.com/login.aspx?direct=true&scope=site&db=nlebk&db=nlabk&AN=817374},
 address = {Hoboken},
 publisher = {Wiley},
 isbn = {978-1-118-61761-8},
 series = {Wiley CIO},
 doi = {10.1002/9781118691779},
 file = {http://onlinelibrary.wiley.com/book/10.1002/9781118691779},
 file = {http://site.ebrary.com/lib/alltitles/docDetail.action?docID=10899793},
 file = {https://ebookcentral.proquest.com/lib/gbv/detail.action?docID=1605593},
 file = {http://proquest.tech.safaribooksonline.de/9781118826461},
 file = {http://search.ebscohost.com/login.aspx?direct=true&scope=site&db=nlebk&AN=817374},
 file = {http://gbv.eblib.com/patron/FullRecord.aspx?p=1605593}
}


@misc{JenkinsAuthors.20190308,
 author = {{Jenkins Authors}},
 year = {2019-03-08},
 title = {Pipeline: What is Jenkins Pipeline?},
 url = {https://jenkins.io/doc/book/pipeline/},
 urldate = {2020-01-31}
}


@book{Jamsa.2013,
 author = {Jamsa, Kris},
 year = {2013},
 title = {Cloud computing: SaaS, PaaS, IaaS, virtualization, business models, mobile, security, and more},
 address = {Burlington, Mass.},
 edition = {1st ed.},
 publisher = {{Jones {\&} Bartlett Learning}},
 isbn = {9781449647391},
 file = {http://www.gbv.de/dms/tib-ub-hannover/684485818.pdf}
}


@misc{IstioAuthors.20200106,
 author = {{Istio Authors}},
 year = {2020-01-06},
 title = {Security: Authentication policies},
 url = {https://istio.io/docs/concepts/security/#authentication-policies},
 urldate = {2020-01-30}
}


@misc{IstioAuthors.20191115,
 author = {{Istio Authors}},
 year = {2019-11-15},
 title = {Destination Rule},
 url = {https://istio.io/docs/reference/config/networking/destination-rule/},
 urldate = {2020-01-31}
}


@misc{IstioAuthors.2019,
 author = {{Istio Authors}},
 year = {2019},
 title = {What is Istio?},
 url = {https://istio.io/docs/concepts/what-is-istio/},
 urldate = {2020-01-18}
}


@misc{IstioAuthors.2019b,
 author = {{Istio Authors}},
 year = {2019},
 title = {Gateway},
 url = {https://istio.io/docs/reference/config/networking/gateway/},
 urldate = {2020-01-19}
}


@misc{Henkes.2018,
 author = {Henkes, Heiko},
 editor = {{ISG Information Services Group}},
 year = {2018},
 title = {Neue ISG-Studie zum expandierenden Cloud Services-Markt in Deutschland: Die gro{\ss}en Public Cloud-Anbieter bauen ihre F{\"u}hrung weiter aus},
 url = {https://isg-one.com/docs/default-source/default-document-library/pm-ipl-cloud-transformation-2019.pdf?sfvrsn=6cf1c931_0},
 address = {Frankfurt},
 urldate = {2019-12-01}
}


@misc{KubernetesAuthors.20191122,
 author = {{Kubernetes Authors}},
 year = {2019-11-22},
 title = {Deployments: Strategy},
 url = {https://kubernetes.io/docs/concepts/workloads/controllers/deployment/#strategy},
 urldate = {2020-02-01}
}


@misc{Yang.2019,
 author = {Yang, Bo},
 year = {2019},
 title = {Cloud Foundry App-Autoscaler Project has Graduated!},
 url = {https://www.cloudfoundry.org/blog/cloud-foundry-app-autoscaler-project-has-graduated/},
 urldate = {2020-02-08}
}


